@article{sergeyuk_2024,
title = {Using AI-based coding assistants in practice: State of affairs, perceptions, and ways forward},
journal = {Information and Software Technology},
volume = {178},
pages = {107610},
year = {2025},
issn = {0950-5849},
doi = {https://doi.org/10.1016/j.infsof.2024.107610},
url = {https://www.sciencedirect.com/science/article/pii/S0950584924002155},
author = {Agnia Sergeyuk and Yaroslav Golubev and Timofey Bryksin and Iftekhar Ahmed},
keywords = {LLMs, AI assistants, Software development lifecycle}
}

@article{kelly_2022,
title = {What factors contribute to the acceptance of artificial intelligence? A systematic review},
journal = {Telematics and Informatics},
volume = {77},
pages = {101925},
year = {2023},
issn = {0736-5853},
doi = {https://doi.org/10.1016/j.tele.2022.101925},
url = {https://www.sciencedirect.com/science/article/pii/S0736585322001587},
author = {Sage Kelly and Sherrie-Anne Kaye and Oscar Oviedo-Trespalacios},
keywords = {AI, User acceptance, Psychosocial models, Human factors, Social robotics, Machine learning}
}

@inproceedings{Kabir_2024, series={CHI ’24},
   title={Is Stack Overflow Obsolete? An Empirical Study of the Characteristics of ChatGPT Answers to Stack Overflow Questions},
   url={http://dx.doi.org/10.1145/3613904.3642596},
   DOI={10.1145/3613904.3642596},
   booktitle={Proceedings of the CHI Conference on Human Factors in Computing Systems},
   publisher={ACM},
   author={Kabir, Samia and Udo-Imeh, David N. and Kou, Bonan and Zhang, Tianyi},
   year={2024},
   month=may, pages={1–17},
   collection={CHI ’24} 
}